<?xml version = "1.0" encoding = "UTF-8"?><OAI-PMH xmlns="http://www.openarchives.org/OAI/2.0/" xmlns:xsi="http://www.w3.org/2001/XMLSchema-instance" xsi:schemaLocation="http://www.openarchives.org/OAI/2.0/ http://www.openarchives.org/OAI/2.0/OAI-PMH.xsd"><ListRecords><record><header><identifier>aleph-publish:000510881</identifier></header><metadata><record xmlns="http://www.ddb.de/professionell/mabxml/mabxml-1.xsd"><leader>00375vM2.01200024------h</leader><controlfield tag="LDR">00375vM2.01200024------h</controlfield><controlfield tag="FMT">MH</controlfield><datafield tag="001" ind1="-" ind2="1"><subfield code="a">HT000582849</subfield></datafield><datafield tag="002" ind1="a" ind2="1"><subfield code="a">19990417</subfield></datafield><datafield tag="003" ind1="-" ind2="1"><subfield code="a">20210407114635.0</subfield></datafield><datafield tag="025" ind1="o" ind2="1"><subfield code="a">312381983</subfield></datafield><controlfield tag="030">a|1uc||||||17</controlfield><datafield tag="036" ind1="a" ind2="1"><subfield code="a">DX</subfield></datafield><datafield tag="037" ind1="b" ind2="1"><subfield code="a">ger</subfield></datafield><controlfield tag="050">a|||||||||||||</controlfield><controlfield tag="051">m|||||||</controlfield><datafield tag="070" ind1="-" ind2="1"><subfield code="a">466</subfield></datafield><datafield tag="070" ind1="b" ind2="1"><subfield code="a">385</subfield></datafield><datafield tag="080" ind1="-" ind2="1"><subfield code="a">60</subfield></datafield><datafield tag="100" ind1="-" ind2="1"><subfield code="p">Schliemann, Heinrich</subfield><subfield code="d">1822-1890</subfield><subfield code="9">(DE-588)118608215</subfield></datafield><datafield tag="101" ind1="-" ind2="1"><subfield code="p">Schliemann, Johann Ludwig Heinrich Julius</subfield><subfield code="d">1822-1890</subfield></datafield><datafield tag="101" ind1="-" ind2="1"><subfield code="p">Schliemann, H.</subfield><subfield code="d">1822-1890</subfield></datafield><datafield tag="101" ind1="-" ind2="1"><subfield code="p">Slēman, Herrikos</subfield><subfield code="d">1822-1890</subfield></datafield><datafield tag="101" ind1="-" ind2="1"><subfield code="p">Schliemann, Henri</subfield><subfield code="d">1822-1890</subfield></datafield><datafield tag="101" ind1="-" ind2="1"><subfield code="p">Schlēman, Herrikos</subfield><subfield code="d">1822-1890</subfield></datafield><datafield tag="101" ind1="-" ind2="1"><subfield code="p">Schliemann, Enrico</subfield><subfield code="d">1822-1890</subfield></datafield><datafield tag="101" ind1="-" ind2="1"><subfield code="p">Shliman, Genrikh</subfield><subfield code="d">1822-1890</subfield></datafield><datafield tag="101" ind1="-" ind2="1"><subfield code="p">Schliemann, Henry</subfield><subfield code="d">1822-1890</subfield></datafield><datafield tag="101" ind1="-" ind2="1"><subfield code="p">Šliman, Genrich</subfield><subfield code="d">1822-1890</subfield></datafield><datafield tag="331" ind1="-" ind2="1"><subfield code="a">Mykenae</subfield></datafield><datafield tag="335" ind1="-" ind2="1"><subfield code="a">Bericht über meine Forschungen und Entdeckungen in Mykenae und Tiryns</subfield></datafield><datafield tag="359" ind1="-" ind2="1"><subfield code="a">von Heinrich Schliemann</subfield></datafield><datafield tag="410" ind1="-" ind2="1"><subfield code="a">Leipzig</subfield></datafield><datafield tag="412" ind1="-" ind2="1"><subfield code="a">Brockhaus</subfield></datafield><datafield tag="425" ind1="a" ind2="1"><subfield code="a">1878</subfield></datafield><datafield tag="433" ind1="-" ind2="1"><subfield code="a">LXVI, 447 S., XXI Bl. : zahlr. Ill., graph. Darst.</subfield></datafield><datafield tag="902" ind1="-" ind2="1"><subfield code="g">Mykene</subfield><subfield code="9">(DE-588)4040975-2</subfield></datafield><datafield tag="902" ind1="-" ind2="1"><subfield code="s">Ausgrabung</subfield><subfield code="9">(DE-588)4129464-6</subfield></datafield><controlfield tag="SYS">000510881</controlfield><datafield tag="LOW" ind1="-" ind2="1"><subfield code="a">Q1149</subfield></datafield><datafield tag="LOW" ind1="-" ind2="1"><subfield code="a">K0001</subfield></datafield><datafield tag="LOW" ind1="-" ind2="1"><subfield code="a">R0003</subfield></datafield><datafield tag="LOW" ind1="-" ind2="1"><subfield code="a">B0001</subfield></datafield><datafield tag="LOW" ind1="-" ind2="1"><subfield code="a">Q0001</subfield></datafield><datafield tag="LOW" ind1="-" ind2="1"><subfield code="a">K1103</subfield></datafield><datafield tag="LOW" ind1="-" ind2="1"><subfield code="a">K6001</subfield></datafield><datafield tag="952" ind1="-" ind2="1"><subfield code="g">Mykenä</subfield></datafield><datafield tag="952" ind1="-" ind2="1"><subfield code="g">Mikinä</subfield></datafield><datafield tag="952" ind1="-" ind2="1"><subfield code="g">Mikenai</subfield></datafield><datafield tag="952" ind1="-" ind2="1"><subfield code="s">Grabung</subfield></datafield><datafield tag="952" ind1="-" ind2="1"><subfield code="s">Archäologische Grabung</subfield></datafield><datafield tag="952" ind1="-" ind2="1"><subfield code="s">Ausgrabungen</subfield></datafield><datafield tag="952" ind1="-" ind2="1"><subfield code="s">Grabungen</subfield></datafield><datafield tag="088" ind1=" " ind2=" "><subfield code="a">38/404</subfield><subfield code="b">00404001</subfield><subfield code="c">404/Pd1782</subfield><subfield code="e">keine ILL</subfield></datafield><datafield tag="088" ind1=" " ind2=" "><subfield code="a">52</subfield><subfield code="c">9587</subfield><subfield code="e">Keine Angabe</subfield></datafield><datafield tag="088" ind1=" " ind2=" "><subfield code="a">Kn 3</subfield><subfield code="b">00020050</subfield><subfield code="c">KMB/MNR 4  1878</subfield><subfield code="e">keine ILL</subfield></datafield><datafield tag="088" ind1=" " ind2=" "><subfield code="a">294</subfield><subfield code="b">00000014</subfield><subfield code="c">PFB2575</subfield><subfield code="e">ILL Ausleihe</subfield></datafield><datafield tag="088" ind1=" " ind2=" "><subfield code="a">5</subfield><subfield code="b">00000000</subfield><subfield code="c">Dh 28</subfield><subfield code="e">ILL Ausleihe</subfield></datafield><datafield tag="088" ind1=" " ind2=" "><subfield code="a">5</subfield><subfield code="b">00000000</subfield><subfield code="c">PGB 344</subfield><subfield code="e">ILL Ausleihe</subfield></datafield><datafield tag="088" ind1=" " ind2=" "><subfield code="a">38</subfield><subfield code="b">00000001</subfield><subfield code="c">K4/529</subfield><subfield code="e">ILL Ausleihe</subfield></datafield><datafield tag="088" ind1=" " ind2=" "><subfield code="a">107</subfield><subfield code="b">00001000</subfield><subfield code="c">22.1466</subfield><subfield code="e">ILL Ausleihe</subfield></datafield><datafield tag="088" ind1=" " ind2=" "><subfield code="a">5/8</subfield><subfield code="b">00059004</subfield><subfield code="c">UF Mykene Schli #1</subfield><subfield code="e">keine ILL</subfield></datafield><datafield tag="088" ind1=" " ind2=" "><subfield code="a">61</subfield><subfield code="b">19</subfield><subfield code="c">ANT211</subfield><subfield code="e">Praesenzbestand</subfield></datafield><datafield tag="088" ind1=" " ind2=" "><subfield code="a">6</subfield><subfield code="c">k+1 390</subfield><subfield code="e">keine Angabe</subfield></datafield><datafield tag="088" ind1=" " ind2=" "><subfield code="a">6/248</subfield><subfield code="c">A-XV Schl 3253</subfield><subfield code="e">keine Angabe</subfield></datafield><datafield tag="088" ind1=" " ind2=" "><subfield code="a">385</subfield><subfield code="b">99</subfield><subfield code="c">af2211</subfield><subfield code="e">Raraausleihe</subfield></datafield><datafield tag="088" ind1=" " ind2=" "><subfield code="a">110</subfield><subfield code="b">99</subfield><subfield code="c">109/2R</subfield><subfield code="e">Keine Ausleihe</subfield></datafield><datafield tag="088" ind1=" " ind2=" "><subfield code="a">Dü 18</subfield><subfield code="b">MAG</subfield><subfield code="c">Ant. 10</subfield><subfield code="e">keine Fernleihe</subfield></datafield><datafield tag="088" ind1=" " ind2=" "><subfield code="a">60</subfield></datafield><datafield tag="088" ind1=" " ind2=" "><subfield code="a">62</subfield></datafield><datafield tag="088" ind1=" " ind2=" "><subfield code="a">Bi 7</subfield></datafield></record></metadata></record></ListRecords></OAI-PMH>